%%%%%%%%%%%%%%%%%%%%%%%%%%%%%%%%%%%%%%%%%%%%%%%%%%%%%%%%%%%%%%%%%%%%%%%%%%%%%%%%%%%%%%%%%%%%%%%%%%%%%%%%%%
%%%%%%%%%%%%%%%%%%%%%%%%%%%%%%%%%%%%%%%%%%%%%%%%%%BOOKS%%%%%%%%%%%%%%%%%%%%%%%%%%%%%%%%%%%%%%%%%%%%%%%%%%%
%%%%%%%%%%%%%%%%%%%%%%%%%%%%%%%%%%%%%%%%%%%%%%%%%%%%%%%%%%%%%%%%%%%%%%%%%%%%%%%%%%%%%%%%%%%%%%%%%%%%%%%%%%
@Book{bishop_2006,
   author    = {Christopher M. Bishop},
   title     = {Pattern Recognition and Machine Learning},
   publisher = {Springer},
   year      = {2006},
   edition   = {},
}
%%%%%%%%%%%%%%%%%%%%%%%%%%%%%%%%%%%%%%%%%%%%%%%%%%%%%%%%%%%%%%%%%%%%%%%%%%%%%%%%%%%%%%%%%%%%%%%%%%%%%%%%%%
%%%%%%%%%%%%%%%%%%%%%%%%%%%%%%%%%%%%%%%%%%%%%%%%%ARTICLES%%%%%%%%%%%%%%%%%%%%%%%%%%%%%%%%%%%%%%%%%%%%%%%%%
%%%%%%%%%%%%%%%%%%%%%%%%%%%%%%%%%%%%%%%%%%%%%%%%%%%%%%%%%%%%%%%%%%%%%%%%%%%%%%%%%%%%%%%%%%%%%%%%%%%%%%%%%%
@article{tian_et_al_2016,
title   = {Bayesian identification of random field model using indirect test data},
journal = {Engineering Geology},
author  = {Mi Tian and Dian-Qing Li and Zi-Jun Cao and Kok-Kwang Phoon and Yu Wang},
volume  = {210},
number  = {},
pages   = {197-211},
year    = {2016},
}
%%%%%%%%%%%%%%%%%%%%%%%%%%%%%%%%%%%%%%%%%%%%%%%%%%%%%%%%%%%%%%%%%%%%%%%%%%%%%%%%%%%%%%%%%%%%%%%%%%%%%%%%%%
%%%%%%%%%%%%%%%%%%%%%%%%%%%%%%%%%%%%%%%%%%%%%%%CONFERENCES%%%%%%%%%%%%%%%%%%%%%%%%%%%%%%%%%%%%%%%%%%%%%%%%
%%%%%%%%%%%%%%%%%%%%%%%%%%%%%%%%%%%%%%%%%%%%%%%%%%%%%%%%%%%%%%%%%%%%%%%%%%%%%%%%%%%%%%%%%%%%%%%%%%%%%%%%%%
@incollection{fan_and_sisson_2011,
  author      = {Yanan Fan and Scott A. Sisson},
  title       = {Reversible jump Markov chain Monte Carlo},
  editor      = {Steve Brooks and Andrew Gelman and Galin L. Jones and Xiao-Li Meng},
  booktitle   = {Handbook of Markov Chain Monte Carlo},
  publisher   = {Chapman \& Hall/CRC},
  year        = {2011},
  pages       = {67--91},
  chapter     = {3},
}
%%%%%%%%%%%%%%%%%%%%%%%%%%%%%%%%%%%%%%%%%%%%%%%%%%%%%%%%%%%%%%%%%%%%%%%%%%%%%%%%%%%%%%%%%%%%%%%%%%%%%%%%%%
@inproceedings{papaioannou_et_al_2013,
  title     = {Bayesian model updating of a tunnel in soft soil with settlement measurements},
  booktitle = {Proceedings of the 4th International Symposium on Geotechnical Safety and Risk (ISGSR)},
  author    = {Iason Papaioannou and Wolfgang Betz and Daniel Straub},
  publisher = {CRC Press},
  editor    = {Limin Zhang and Yu Wang and Gang Wang and Li Dianqing},
  pages     = {351-356},
  year      = {2013},
}
%%%%%%%%%%%%%%%%%%%%%%%%%%%%%%%%%%%%%%%%%%%%%%%%%%%%%%%%%%%%%%%%%%%%%%%%%%%%%%%%%%%%%%%%%%%%%%%%%%%%%%%%%%
%%%%%%%%%%%%%%%%%%%%%%%%%%%%%%%%%%%%%%%%%%%%%%%%REPORTS%%%%%%%%%%%%%%%%%%%%%%%%%%%%%%%%%%%%%%%%%%%%%%%%%%%
%%%%%%%%%%%%%%%%%%%%%%%%%%%%%%%%%%%%%%%%%%%%%%%%%%%%%%%%%%%%%%%%%%%%%%%%%%%%%%%%%%%%%%%%%%%%%%%%%%%%%%%%%%
@techreport{sudret_and_derkiureghian_2000,
    title       = {Stochastic finite element methods and reliability. A state--of--the--art report},
    author      = {Bruno Sudret and Der Kiureghian, Armen},
    institution = {University of California, Berkeley},
    type        = {Report on research}, 
    number      = {No. UCB/SEMM-2000/08},
    year        = {2000},
}