%%%%%%%%%%%%%%%%%%%%%%%%%%%%%%%%%%%%%%%%%%
%%%%%%%%%%%%%%%%%ARTICLES%%%%%%%%%%%%%%%%%
%%%%%%%%%%%%%%%%%%%%%%%%%%%%%%%%%%%%%%%%%%
@Article{li_and_derkiureghian_1993,
	title   = {Optimal Discretization of Random Fields},
	author  = {Li, Chung-Ching and {Der Kiureghian}, A.},
	journal = {Journal of Engineering Mechanics},
	pages   = {1136--1154},
	volume  = {119},
	number  = {6},
	year    = {1993}
}

%%%%%%%%%%%%%%%%%%%%%%%%%%%%%%%%%%%%%%%%%%
%%%%%%%%%%%%%%%%%%%BOOKS%%%%%%%%%%%%%%%%%%
%%%%%%%%%%%%%%%%%%%%%%%%%%%%%%%%%%%%%%%%%%
@Book{arens_2009,
	title     = {Mathematik},
	author    = {T. Arens and F. Hettlich and Ch. Karpfinger and U. Kockelkorn and K. Lichtenegger and H. Stachel},
	publisher = {Spektrum Akademischer Verlag Heidelberg},
	year      = {2009}
}
%%%%%%%%%%%%%%%%%%%%%%%%%%%%%%%%%%%%%%%%%%
%%%%%%%%%%%%%%%%%%%OTHERS%%%%%%%%%%%%%%%%%
%%%%%%%%%%%%%%%%%%%%%%%%%%%%%%%%%%%%%%%%%%
@MastersThesis{papaioannou_2007,
	title  = {Fluid-structure interaction with high order finite element methods},
	author = {I. Papaioannou},
	school = {TU M{\"u}nchen},
	year   = {2007}
}
%%%%%%%%%%%%%%%%%%%%%%%%%%%%%%%%%%%%%%%%%%
@inproceedings{papaioannou_et_al_2013,
  title     = {Bayesian model updating of a tunnel in soft soil with settlement measurements},
  booktitle = {Proceedings of the 4th International Symposium on Geotechnical Safety and Risk (ISGSR)},
  author    = {Iason Papaioannou and Wolfgang Betz and Daniel Straub},
  publisher = {CRC Press},
  editor    = {Limin Zhang and Yu Wang and Gang Wang and Li Dianqing},
  pages     = {351--356},
  year      = {2013},
}
%%%%%%%%%%%%%%%%%%%%%%%%%%%%%%%%%%%%%%%%%
@techreport{sudret_and_derkiureghian_2000,
    title       = {Stochastic finite element methods and reliability. A state-of-the-art report},
    author      = {Bruno Sudret and Der Kiureghian, Armen},
    institution = {University of California, Berkeley},
    type        = {Report on research}, 
    number      = {No. UCB/SEMM-2000/08},
    year        = {2000},
}
%%%%%%%%%%%%%%%%%%%%%%%%%%%%%%%%%%%%%%%%%